<marcxml:record xmlns:marcxml="http://www.loc.gov/MARC21/slim" xmlns:mets="http://www.loc.gov/METS/" xmlns:bf="http://id.loc.gov/ontologies/bibframe/" xmlns:bflc="http://id.loc.gov/ontologies/bflc/" xmlns:madsrdf="http://www.loc.gov/mads/rdf/v1#" xmlns:rdf="http://www.w3.org/1999/02/22-rdf-syntax-ns#" xmlns:ri="http://id.loc.gov/ontologies/RecordInfo#" xmlns:idx="info:lc/xq-modules/lcindex" xmlns:semtriples="http://marklogic.com/semantic" xmlns:xsi="http://www.w3.org/2001/XMLSchema-instance" xmlns:xlink="http://www.w3.org/1999/xlink" xmlns:streams="info:lc/streams#">
  <marcxml:leader>01984cam a2200481 i 4500</marcxml:leader>
  <marcxml:controlfield tag="001">18976912</marcxml:controlfield>
  <marcxml:controlfield tag="005">20170208112033.0</marcxml:controlfield>
  <marcxml:controlfield tag="008">160211t20162016nyu    d      000 1 eng c</marcxml:controlfield>
  <marcxml:datafield tag="906" ind1=" " ind2=" ">
    <marcxml:subfield code="a">7</marcxml:subfield>
    <marcxml:subfield code="b">cbc</marcxml:subfield>
    <marcxml:subfield code="c">orignew</marcxml:subfield>
    <marcxml:subfield code="d">1</marcxml:subfield>
    <marcxml:subfield code="e">ecip</marcxml:subfield>
    <marcxml:subfield code="f">20</marcxml:subfield>
    <marcxml:subfield code="g">y-gencatlg</marcxml:subfield>
  </marcxml:datafield>
  <marcxml:datafield tag="925" ind1="0" ind2=" ">
    <marcxml:subfield code="a">acquire</marcxml:subfield>
    <marcxml:subfield code="b">1 shelf copy</marcxml:subfield>
    <marcxml:subfield code="x">policy default</marcxml:subfield>
  </marcxml:datafield>
  <marcxml:datafield tag="955" ind1=" " ind2=" ">
    <marcxml:subfield code="a">ZQP</marcxml:subfield>
    <marcxml:subfield code="d">xk09 2016-02-17 to cip</marcxml:subfield>
    <marcxml:subfield code="a">xn11 2016-12-19 1 copy rec'd., to CIP ver.</marcxml:subfield>
    <marcxml:subfield code="f">xk07 2017-02-08 to CALM</marcxml:subfield>
  </marcxml:datafield>
  <marcxml:datafield tag="010" ind1=" " ind2=" ">
    <marcxml:subfield code="a">  2016001309</marcxml:subfield>
  </marcxml:datafield>
  <marcxml:datafield tag="020" ind1=" " ind2=" ">
    <marcxml:subfield code="a">9780545829939 (hardcover)</marcxml:subfield>
  </marcxml:datafield>
  <marcxml:datafield tag="040" ind1=" " ind2=" ">
    <marcxml:subfield code="a">NJQ/DLC</marcxml:subfield>
    <marcxml:subfield code="b">eng</marcxml:subfield>
    <marcxml:subfield code="c">NJQ</marcxml:subfield>
    <marcxml:subfield code="e">rda</marcxml:subfield>
    <marcxml:subfield code="d">DLC</marcxml:subfield>
  </marcxml:datafield>
  <marcxml:datafield tag="042" ind1=" " ind2=" ">
    <marcxml:subfield code="a">lcac</marcxml:subfield>
    <marcxml:subfield code="a">pcc</marcxml:subfield>
  </marcxml:datafield>
  <marcxml:datafield tag="043" ind1=" " ind2=" ">
    <marcxml:subfield code="a">n-us-fl</marcxml:subfield>
  </marcxml:datafield>
  <marcxml:datafield tag="050" ind1="0" ind2="0">
    <marcxml:subfield code="a">PZ7.1.S4</marcxml:subfield>
    <marcxml:subfield code="b">Dr 2016</marcxml:subfield>
  </marcxml:datafield>
  <marcxml:datafield tag="082" ind1="0" ind2="4">
    <marcxml:subfield code="a">813.6</marcxml:subfield>
    <marcxml:subfield code="a">Fic</marcxml:subfield>
    <marcxml:subfield code="2">23</marcxml:subfield>
  </marcxml:datafield>
  <marcxml:datafield tag="100" ind1="1" ind2=" ">
    <marcxml:subfield code="a">Self, Jeffery,</marcxml:subfield>
    <marcxml:subfield code="e">author.</marcxml:subfield>
  </marcxml:datafield>
  <marcxml:datafield tag="245" ind1="1" ind2="0">
    <marcxml:subfield code="a">Drag teen :</marcxml:subfield>
    <marcxml:subfield code="b">a tale of angst and wigs /</marcxml:subfield>
    <marcxml:subfield code="c">Jeffery Self.</marcxml:subfield>
  </marcxml:datafield>
  <marcxml:datafield tag="250" ind1=" " ind2=" ">
    <marcxml:subfield code="a">First edition.</marcxml:subfield>
  </marcxml:datafield>
  <marcxml:datafield tag="264" ind1=" " ind2="1">
    <marcxml:subfield code="a">New York :</marcxml:subfield>
    <marcxml:subfield code="b">PUSH, an imprint of Scholastic Inc.,</marcxml:subfield>
    <marcxml:subfield code="c">2016.</marcxml:subfield>
  </marcxml:datafield>
  <marcxml:datafield tag="264" ind1=" " ind2="4">
    <marcxml:subfield code="c">©2016</marcxml:subfield>
  </marcxml:datafield>
  <marcxml:datafield tag="300" ind1=" " ind2=" ">
    <marcxml:subfield code="a">261 pages ;</marcxml:subfield>
    <marcxml:subfield code="c">22 cm</marcxml:subfield>
  </marcxml:datafield>
  <marcxml:datafield tag="336" ind1=" " ind2=" ">
    <marcxml:subfield code="a">text</marcxml:subfield>
    <marcxml:subfield code="2">rdacontent</marcxml:subfield>
  </marcxml:datafield>
  <marcxml:datafield tag="337" ind1=" " ind2=" ">
    <marcxml:subfield code="a">unmediated</marcxml:subfield>
    <marcxml:subfield code="2">rdamedia</marcxml:subfield>
  </marcxml:datafield>
  <marcxml:datafield tag="338" ind1=" " ind2=" ">
    <marcxml:subfield code="a">volume</marcxml:subfield>
    <marcxml:subfield code="2">rdacarrier</marcxml:subfield>
  </marcxml:datafield>
  <marcxml:datafield tag="520" ind1=" " ind2=" ">
    <marcxml:subfield code="a">JT is a gay high school senior determined to get out of Clearwater, Florida, and be the first person in his family to go to college, even though he cannot figure out how to pay for it--until his friends convince him to compete in a drag teen competition where the first prize is a college scholarship.</marcxml:subfield>
  </marcxml:datafield>
  <marcxml:datafield tag="650" ind1=" " ind2="0">
    <marcxml:subfield code="a">Gay teenagers</marcxml:subfield>
    <marcxml:subfield code="v">Juvenile fiction.</marcxml:subfield>
  </marcxml:datafield>
  <marcxml:datafield tag="650" ind1=" " ind2="0">
    <marcxml:subfield code="a">Drag shows</marcxml:subfield>
    <marcxml:subfield code="v">Juvenile fiction.</marcxml:subfield>
  </marcxml:datafield>
  <marcxml:datafield tag="650" ind1=" " ind2="0">
    <marcxml:subfield code="a">Contests</marcxml:subfield>
    <marcxml:subfield code="v">Juvenile fiction.</marcxml:subfield>
  </marcxml:datafield>
  <marcxml:datafield tag="650" ind1=" " ind2="0">
    <marcxml:subfield code="a">Self-actualization (Psychology)</marcxml:subfield>
    <marcxml:subfield code="v">Juvenile fiction.</marcxml:subfield>
  </marcxml:datafield>
  <marcxml:datafield tag="650" ind1=" " ind2="0">
    <marcxml:subfield code="a">Families</marcxml:subfield>
    <marcxml:subfield code="z">Florida</marcxml:subfield>
    <marcxml:subfield code="z">Clearwater</marcxml:subfield>
    <marcxml:subfield code="v">Juvenile fiction.</marcxml:subfield>
  </marcxml:datafield>
  <marcxml:datafield tag="650" ind1=" " ind2="0">
    <marcxml:subfield code="a">Friendship</marcxml:subfield>
    <marcxml:subfield code="v">Juvenile fiction.</marcxml:subfield>
  </marcxml:datafield>
  <marcxml:datafield tag="651" ind1=" " ind2="0">
    <marcxml:subfield code="a">Clearwater (Fla.)</marcxml:subfield>
    <marcxml:subfield code="v">Juvenile fiction.</marcxml:subfield>
  </marcxml:datafield>
  <marcxml:datafield tag="650" ind1=" " ind2="1">
    <marcxml:subfield code="a">Gays</marcxml:subfield>
    <marcxml:subfield code="v">Fiction.</marcxml:subfield>
  </marcxml:datafield>
  <marcxml:datafield tag="650" ind1=" " ind2="1">
    <marcxml:subfield code="a">Drag shows</marcxml:subfield>
    <marcxml:subfield code="v">Fiction.</marcxml:subfield>
  </marcxml:datafield>
  <marcxml:datafield tag="650" ind1=" " ind2="1">
    <marcxml:subfield code="a">Contests</marcxml:subfield>
    <marcxml:subfield code="v">Fiction.</marcxml:subfield>
  </marcxml:datafield>
  <marcxml:datafield tag="650" ind1=" " ind2="1">
    <marcxml:subfield code="a">Self-actualization (Psychology)</marcxml:subfield>
    <marcxml:subfield code="v">Fiction.</marcxml:subfield>
  </marcxml:datafield>
  <marcxml:datafield tag="650" ind1=" " ind2="1">
    <marcxml:subfield code="a">Family life</marcxml:subfield>
    <marcxml:subfield code="z">Florida</marcxml:subfield>
    <marcxml:subfield code="z">Clearwater</marcxml:subfield>
    <marcxml:subfield code="v">Fiction.</marcxml:subfield>
  </marcxml:datafield>
  <marcxml:datafield tag="650" ind1=" " ind2="1">
    <marcxml:subfield code="a">Friendship</marcxml:subfield>
    <marcxml:subfield code="v">Fiction.</marcxml:subfield>
  </marcxml:datafield>
  <marcxml:datafield tag="651" ind1=" " ind2="1">
    <marcxml:subfield code="a">Clearwater (Fla.)</marcxml:subfield>
    <marcxml:subfield code="v">Fiction.</marcxml:subfield>
  </marcxml:datafield>
  <marcxml:datafield tag="985" ind1=" " ind2=" ">
    <marcxml:subfield code="a">ZQPCIP</marcxml:subfield>
    <marcxml:subfield code="d">2016-02-16</marcxml:subfield>
  </marcxml:datafield>
</marcxml:record>
